% This file was created with JabRef 2.10.
% Encoding: UTF8
@TECHREPORT {srsIEEE,
    author      = "Leonard L. Tripp et al.",
    title       = "IEEE Recommended Practice for Software Requirements Specifications",
    institution = "The Institute of Electrical and Electronics Engineers",
    year        = "1998",
    note        = "ISBN: 0-7381-0448-5"
}